@inproceedings{adesam:12,
  title={bokstaffua, bokstaffwa, bokstafwa, bokstaua, bokstawa... {T}owards lexical link-up for a corpus of {O}ld {S}wedish.},
  author={Adesam, Yvonne and Ahlberg, Malin and Bouma, Gerlof},
  booktitle = "Proceedings of KONVENS 2012 (LThist 2012 workshop)",
  year="2012",
  pages="365--369",
  url = "http://www.oegai.at/konvens2012/proceedings/54_adesam12w/54_adesam12w.pdf",
}

@inproceedings{bollmann:12,
    title = "({S}emi-){A}utomatic {N}ormalization of {H}istorical {T}exts using {D}istance {M}easures and the {N}orma tool",
	author = {Bollmann, Marcel},
	year = "2012",
	booktitle = {Proceedings of the Second Workshop on Annotation of Corpora for Research in the Humanities (ACRH-2)},
    address = "Lisbon, Portugal",
    pages = "3--14",
    url = "https://www.linguistics.rub.de/comphist/pub/acrh12.pdf",
}

@inproceedings{bollmann:19,
title = "A {L}arge-{S}cale {C}omparison of {H}istorical {T}ext {N}ormalization {S}ystems",
    author = "Bollmann, Marcel",
    booktitle = "Proceedings of the 2019 Conference of the North {A}merican Chapter of the Association for Computational Linguistics: Human Language Technologies, Volume 1 (Long and Short Papers)",
    month = jun,
    year = "2019",
    address = "Minneapolis, Minnesota",
    publisher = "Association for Computational Linguistics",
    url = "https://www.aclweb.org/anthology/N19-1389",
    doi = "10.18653/v1/N19-1389",
    pages = "3885--3898",
}

@inproceedings{pettersson:13,
  title={An {SMT} {A}pproach to {A}utomatic {A}nnotation of {H}istorical {T}ext},
  author={Eva Pettersson and Be{\'a}ta Megyesi and Jörg Tiedemann},
  year={2013},
  booktitle = "Proceedings of the Workshop on Computational Historical Linguistics at NODALIDA 2013",
  volume = "NEALT Proceedings Series 18",
  publisher = "Linköping Electronic Conference Proceedings 87",
  pages = "54--69",
  url = "https://ep.liu.se/ecp/087/005/ecp1387005.pdf",
}

@book{soderwall:1891-1918,
    author  = {Söderwall, Knut},
    title   = {Ordbok öfver svenska medeltids-språket},
    year    = "1891--1918",
    publisher = {Svenska fornskriftsällskapet},
    volume = {Series 1, Svenska skrifter 27},
}